@misc{blogCyclic,
  title = "A Handcrafted Feel: ‘Unexplored’ Explores Cyclic Dungeon Generation",
  author = "Joris Dormans",
  howpublished = "\url{http://ctrl500.com/tech/handcrafted-feel-dungeon-generation-unexplored-explores-cyclic-dungeon-generation/}",
  year = "2016",
  note = "letzter Zugriff: 27.12.2018"
}
@misc{thesisLatex,
  title = "Bachelorarbeit, Masterarbeit und Dissertation mit einer LaTeX-Vorlage schreiben",
  author = "Martin Bretschneider",
  howpublished = "\url{http://www.bretschneidernet.de/tips/thesislatex.html}",
  year = "2006",
  note = "letzter Zugriff: 15.10.2018"
}
@article{dormansModelTransformation,
  author = {Dormans, Joris},
  year = {2011},
  month = {01},
  pages = {},
  title = {Level design as model transformation: A strategy for automated content generation},
  doi = {10.1145/2000919.2000921}
}
@article{dormansAdventures,
author = {Dormans, Joris},
year = {2010},
month = {01},
pages = {},
title = {Adventures in level design: Generating missions and spaces for action adventure games},
doi = {10.1145/1814256.1814257}
}
@book{shaker2016procedural,
author={Shaker, Noor and Togelius, Julian and Nelson, Mark J.},
title={Procedural Content Generation in Games: A Textbook and an Overview of Current Research},
publisher={Springer},
year={2016}
}
