@misc{warreksNestMap,
  title = "Map of the fictional Warrekâ€™s Nest dungeon.",
  author = "Dyson Logos",
  howpublished = "\url{https://commons.wikimedia.org/wiki/File:Warrek%E2%80%99s_Nest.jpg}",
  year = "2015",
  note = "letzter Zugriff: 25.12.2018"
}
